
@inproceedings{viatra,
	author    = {G{\'{a}}bor Bergmann and
	Istv{\'{a}}n D{\'{a}}vid and
	{\'{A}}bel Heged{\"{u}}s and
	{\'{A}}kos Horv{\'{a}}th and
	Istv{\'{a}}n R{\'{a}}th and
	Zolt{\'{a}}n Ujhelyi and
	D{\'{a}}niel Varr{\'{o}}},
	title     = {{VIATRA} 3: {A} Reactive Model Transformation Platform},
	booktitle = {Theory and Practice of Model Transformations - 8th International Conference,
	{ICMT} 2015, Held as Part of {STAF} 2015. Proceedings},
	pages     = {101--110},
	year      = {2015}
}

@mastersthesis{bur-marton-msc,
	author = {B{\'u}r, M{\'a}rton},
	title = {A general purpose local search-based pattern matching framework},
	school = {Budapest University of Technology and Economics},
	year = {2015},
	type = {Master{\textquoteright}s thesis}
}

https://wiki.eclipse.org/VIATRA/Query/DeveloperDocumentation/PSystem
@misc{psystem,
	title = {PSystem representation},
	howpublished = {\url{https://wiki.eclipse.org/VIATRA/Query/DeveloperDocumentation/PSystem}}
}


@misc{ecore-package,
	title = {Ecore package reference},
	howpublished = {\url{http://download.eclipse.org/modeling/emf/emf/javadoc/2.7.0/org/eclipse/emf/ecore/package-summary.html}}
}


@misc{modes3,
	title = {Model-based Demonstrator for Smart and Safe Systems},
	howpublished = {\url{https://inf.mit.bme.hu/research/projects/modes3}}
}

@misc{BBB,
	title = {BeagleBone Black},
	howpublished = {\url{https://beagleboard.org/black}}
}


%%% Hivatkozásötletek
% Dóczi robi msc
% fase cikk
% 
